@preamble{ "\newcommand{\noopsort}[1]{} "
	# "\newcommand{\printfirst}[2]{#1} "
	# "\newcommand{\singleletter}[1]{#1} "
	# "\newcommand{\switchargs}[2]{#2#1} " }


@article{aharonov2013guest,
  title={Guest column: the quantum PCP conjecture},
  author={Aharonov, Dorit and Arad, Itai and Vidick, Thomas},
  journal={Acm sigact news},
  volume={44},
  number={2},
  pages={47--79},
  year={2013},
  publisher={ACM}
}

@article{grilo2016pointer,
  title={Pointer Quantum PCPs and Multi-Prover Games},
  author={Grilo, Alex B and Kerenidis, Iordanis and Pereszl{\'e}nyi, Attila},
  journal={arXiv preprint arXiv:1603.00903},
  year={2016}
}

@book{kitaev2002classical,
  title={Classical and quantum computation},
  author={Kitaev, Alexei Yu and Shen, Alexander and Vyalyi, Mikhail N},
  volume={47},
  year={2002},
  publisher={American Mathematical Society Providence}
}

@incollection{mancinska2014unbounded,
  title={Unbounded entanglement can be needed to achieve the optimal success probability},
  author={Man{\v{c}}inska, Laura and Vidick, Thomas},
  booktitle={Automata, Languages, and Programming},
  pages={835--846},
  year={2014},
  publisher={Springer}
}


@inproceedings{coudron2015interactive,
author={Coudron, Matthew and Vidick, Thomas},
title={Interactive Proofs with Approximately Commuting Provers},
booktitle={Proceedings of 42nd International Colloquium of Automata, Languages, and Programming (ICALP)},
year={2015},
pages={355--366}
}


@PHDTHESIS{fortnow1989thesis,
AUTHOR = "Fortnow, Lance",
TITLE = "Complexity-theoretic aspects of interactive proof systems",
SCHOOL = "Massachusetts Institute of Technology",
Month = May,
NOTE = "Tech Report MIT/LCS/TR-447.",
YEAR = "1989"
}
		  
@inproceedings{vidick2013three,
  title={Three-player entangled XOR games are NP-hard to approximate},
  author={Vidick, Thomas},
  booktitle={Proceedings of the 54th Annual Symposium on Foundations of Computer Science},
  pages={766--775},
  year={2013},
  organization={IEEE}
}

@article{ji2015classical,
  title={Classical verification of quantum proofs},
  author={Ji, Zhengfeng},
  journal={arXiv preprint arXiv:1505.07432},
  year={2015}
}

@inproceedings{fitzsimons2015multiprover,
  title={A multiprover interactive proof system for the local Hamiltonian problem},
  author={Fitzsimons, Joseph and Vidick, Thomas},
  booktitle={Proceedings of the Conference on Innovations in Theoretical Computer Science},
  pages={103--112},
  year={2015},
  organization={ACM}
}

@article{natarajan2015constant,
  title={Constant-Soundness Interactive Proofs for Local Hamiltonians},
  author={Natarajan, Anand and Vidick, Thomas},
  journal={arXiv preprint arXiv:1512.02090},
  year={2015}
}

@inproceedings{feige2007understanding,
  title={Understanding parallel repetition requires understanding foams},
  author={Feige, Uriel and Kindler, Guy and O'Donnell, Ryan},
  booktitle={Computational Complexity, 2007. CCC'07. Twenty-Second Annual IEEE Conference on},
  pages={179--192},
  year={2007},
  organization={IEEE}
}

@inproceedings{braverman2014odo,
  title={An Interactive Information Odometer with Applications.},
  author={Braverman, Mark and Weinstein, Omri},
  booktitle={Electronic Colloquium on Computational Complexity (ECCC)},
  volume={21},
  pages={47},
  year={2014}
}

@inproceedings{jain2011,
  title={New strong direct product results in communication complexity.},
  author={Jain, Rahul},
  booktitle={Electronic Colloquium on Computational Complexity (ECCC)},
  volume={18},
  number={24},
  pages={2},
  year={2011}
}

@article{wein2015,
  title={Information complexity and the quest for interactive compression},
  author={Weinstein, Omri},
  journal={ACM SIGACT News},
  volume={46},
  number={2},
  pages={41--64},
  year={2015},
  publisher={ACM}
}


@inproceedings{jain2014parallel,
  author    = {Jain, Rahul and
               Pereszl{\'{e}}nyi,Attila  and
				Yao, Penghui},
  title     = {A Parallel Repetition Theorem for Entangled Two-Player One-Round Games
               under Product Distributions},
  booktitle = {Proceedings of Conference on Computational Complexity (CCC)},
  year      = {2014},
  pages     = {209--216},

}

@inproceedings{braverman2013direct,
  title={Direct products in communication complexity},
  author={Braverman, Mark and Rao, Anup and Weinstein, Omri and Yehudayoff, Amir},
  booktitle={2013 IEEE 54th Annual Symposium on Foundations of Computer Science (FOCS)},
  pages={746--755},
  year={2013},
  organization={IEEE}
}


@inproceedings{braverman2015small,
 author = {Braverman, Mark and Garg, Ankit},
 title = {Small Value Parallel Repetition for General Games},
 booktitle = {Proceedings of the Forty-Seventh Annual ACM on Symposium on Theory of Computing},
 series = {STOC},
 year = {2015}
} 

@article{touch2014,
  title={Quantum information complexity and amortized communication},
  author={Touchette, Dave},
  journal={arXiv preprint arXiv:1404.3733},
  year={2014}
}



@inproceedings{barak2008rounding,
  title={Rounding parallel repetitions of unique games},
  author={Barak, Boaz and Hardt, Moritz and Haviv, Ishay and Rao, Anup and Regev, Oded and Steurer, David},
  booktitle={Foundations of Computer Science, 2008. FOCS'08. IEEE 49th Annual IEEE Symposium on},
  pages={374--383},
  year={2008},
  organization={IEEE}
}

@article{rao2011parallel,
  title={Parallel repetition in projection games and a concentration bound},
  author={Rao, Anup},
  journal={SIAM Journal on Computing},
  volume={40},
  number={6},
  pages={1871--1891},
  year={2011},
  publisher={SIAM}
}



@inproceedings{aaronson2014multiple,
	Author = {Aaronson, Scott and Impagliazzo, Russell and Moshkovitz, Dana},
	Booktitle = {Computational Complexity (CCC), 2014 IEEE 29th Conference on},
	Organization = {IEEE},
	Pages = {44--55},
	Title = {{AM} with {M}ultiple {M}erlins},
	Year = {2014}}

@book{vaz2013,
	Author = {Vazirani, Vijay V},
	Publisher = {Springer Science \& Business Media},
	Title = {Approximation algorithms},
	Year = {2013}}

@article{cleve08,
	Author = {Cleve, Richard and Slofstra, William and Unger, Falk and Upadhyay, Sarvagya},
	Journal = {Computational Complexity},
	Number = {2},
	Pages = {282--299},
	Title = {Perfect parallel repetition theorem for quantum XOR proof systems},
	Volume = {17},
	Year = {2008}}
	
@inproceedings{khot2002power,
  title={On the power of unique 2-prover 1-round games},
  author={Khot, Subhash},
  booktitle={Proceedings of the thiry-fourth annual ACM symposium on Theory of computing},
  pages={767--775},
  year={2002},
  organization={ACM}
}

@inproceedings{kempe2008,
	Author = {Kempe, Julia and Regev, Oded and Toner, Ben},
	Booktitle = {Proceedings of Foundations of Computer Science (FOCS)},
	Title = {Unique games with entangled provers are easy},
	Year = {2008}}

@article{feige1995,
	Author = {Feige, Uriel},
	Journal = {\href{http://www.wisdom.weizmann.ac.il/~feige/Approx/mip.ps}{Technical Report CS95-32 of the Weizmann Institute}},
	Title = {Error Reduction by Parallel Repetition: The State of the Art},
	Year = {1995}}

@article{buhrman2013,
	Author = {Buhrman, Harry and Fehr, Serge and Schaffner, Christian},
	Journal = {arXiv preprint arXiv:1312.7455},
	Title = {On the Parallel Repetition of Multi-Player Games: The No-Signaling Case},
	Year = {2013}}

@article{hastad2001,
	Author = {H{\aa}stad, Johan},
	Journal = {Journal of the ACM (JACM)},
	Number = {4},
	Title = {Some optimal inapproximability results},
	Volume = {48},
	Year = {2001}}

@inproceedings{fortnow1988,
	Author = {Fortnow, Lance and Rompel, John and Sipser, Michael},
	Booktitle = {Proceedings of Structure in Complexity Theory Conference (CCC)},
	Pages = {156--161},
	Title = {On the power of multi-power interactive protocols},
	Year = {1988}}

@inproceedings{raz2010parallel,
	Author = {Raz, Ran},
	Booktitle = {2010 25th Annual IEEE Conference on Computational Complexity},
	Organization = {IEEE},
	Pages = {3--6},
	Title = {Parallel Repetition of Two Prover Games (Invited Survey)},
	Year = {2010}}

@inproceedings{ben1988,
	Author = {Ben-Or, Michael and Goldwasser, Shafi and Kilian, Joe and Wigderson, Avi},
	Booktitle = {Proceedings of Symposium on Theory of computing (STOC)},
	Title = {Multi-prover interactive proofs: How to remove intractability assumptions},
	Year = {1988}}

@article{chsh_paper,
	Author = {Clauser, John F and Horne, Michael A and Shimony, Abner and Holt, Richard A},
	Journal = {Physical Review Letters},
	Number = {15},
	Pages = {880--884},
	Title = {Proposed experiment to test local hidden-variable theories},
	Volume = {23},
	Year = {1969}}

@article{bell1964,
	Author = {Bell, John S},
	Journal = {Physics},
	Number = {3},
	Title = {On the {Einstein-Podolsky-Rosen} paradox},
	Volume = {1},
	Year = {1964}}

@article{arnon2014non,
	Author = {Arnon-Friedman, Rotem and Renner, Renato and Vidick, Thomas},
	Journal = {arXiv preprint arXiv:1411.1582},
	Title = {Non-signalling parallel repetition using de Finetti reductions},
	Year = {2014}}

@article{lancien2015parallel,
	Author = {Lancien, C{\'e}cilia and Winter, Andreas},
	Journal = {arXiv preprint arXiv:1506.07002},
	Title = {Parallel repetition and concentration for (sub-) no-signalling games via a flexible constrained de Finetti reduction},
	Year = {2015}}

@inproceedings{moshkovitz2014parallel,
	Author = {Moshkovitz, Dana},
	Booktitle = {2014 IEEE 55th Annual Symposium on Foundations of Computer Science (FOCS)},
	Organization = {IEEE},
	Pages = {414--423},
	Title = {Parallel repetition from fortification},
	Year = {2014}}

@article{Razborov92,
	Author = {Razborov, Alexander A.},
	Journal = {Theoretical Computer Science},
	Number = {2},
	Pages = {385--390},
	Title = {On the distributional complexity of disjointness},
	Volume = {106},
	Year = {1992}}

@article{feige2000two,
	Author = {Feige, Uriel and Kilian, Joe},
	Journal = {SIAM Journal on Computing},
	Number = {1},
	Pages = {324--346},
	Publisher = {SIAM},
	Title = {Two-Prover Protocols---Low Error at Affordable Rates},
	Volume = {30},
	Year = {2000}}

@inproceedings{BSVV,
	Author = {Bhangale, Amey and Saptharishi, Ramprasad and Varma, Girish and Venkat, Rakesh},
	Booktitle = {RANDOM},
	Publisher = {(arXiv:1504.05556)},
	Title = {On Fortification of Projection Games},
	Year = {2015}}

@inproceedings{buhrman1998quantum,
	Author = {Buhrman, Harry and Cleve, Richard and Wigderson, Avi},
	Booktitle = {Proceedings of the thirtieth annual ACM symposium on Theory of computing},
	Organization = {ACM},
	Pages = {63--68},
	Title = {Quantum vs. classical communication and computation},
	Year = {1998}}

@inproceedings{aaronson2003quantum,
	Author = {Aaronson, Scott and Ambainis, Andris},
	Booktitle = {Foundations of Computer Science, 2003. Proceedings. 44th Annual IEEE Symposium on},
	Organization = {IEEE},
	Pages = {200--209},
	Title = {Quantum search of spatial regions},
	Year = {2003}}

@article{konig2009operational,
	Author = {Konig, R and Renner, Renato and Schaffner, Christian},
	Journal = {Information Theory, IEEE Transactions on},
	Number = {9},
	Pages = {4337--4347},
	Publisher = {IEEE},
	Title = {The operational meaning of min-and max-entropy},
	Volume = {55},
	Year = {2009}}

@article{nayak2006limits,
	Author = {Nayak, Ashwin and Salzman, Julia},
	Journal = {Journal of the ACM (JACM)},
	Number = {1},
	Pages = {184--206},
	Publisher = {ACM},
	Title = {Limits on the ability of quantum states to convey classical messages},
	Volume = {53},
	Year = {2006}}

@article{yang2009squashed,
	Author = {Yang, Dong and Horodecki, Karol and Horodecki, Michal and Horodecki, Pawel and Oppenheim, Jonathan and Song, Wei},
	Journal = {Information Theory, IEEE Transactions on},
	Number = {7},
	Pages = {3375--3387},
	Publisher = {IEEE},
	Title = {Squashed entanglement for multipartite states and entanglement measures based on the mixed convex roof},
	Volume = {55},
	Year = {2009}}

@article{fitzsimons2014multiprover,
	Author = {Fitzsimons, Joseph and Vidick, Thomas},
	Journal = {arXiv preprint arXiv:1409.0260},
	Title = {A multiprover interactive proof system for the local Hamiltonian problem},
	Year = {2014}}

@article{jain2013parallel,
	Author = {Jain, Rahul and Pereszl{\'e}nyi, Attila and Yao, Penghui},
	Journal = {arXiv preprint arXiv:1311.6309},
	Title = {A parallel repetition theorem for entangled two-player one-round games under product distributions},
	Year = {2013}}

@article{chailloux2014simplified,
	Author = {Chailloux, Andr{\'e} and Scarpa, Giannicola},
	Journal = {arXiv preprint arXiv:1410.4397},
	Title = {Parallel Repetition of Free Entangled Games: Simplification and Improvements},
	Year = {2014}}

@article{feige2002error,
	Author = {Feige, Uriel and Verbitsky, Oleg},
	Journal = {Combinatorica},
	Number = {4},
	Pages = {461--478},
	Publisher = {Springer},
	Title = {Error reduction by parallel repetition: a negative result},
	Volume = {22},
	Year = {2002}}
	


@article{raz2011counterexample,
	Author = {Raz, Ran},
	Journal = {SIAM Journal on Computing},
	Number = {3},
	Pages = {771--777},
	Publisher = {SIAM},
	Title = {A counterexample to strong parallel repetition},
	Volume = {40},
	Year = {2011}}

@article{raz1998parallel,
	Author = {Raz, Ran},
	Journal = {SIAM Journal on Computing},
	Number = {3},
	Pages = {763--803},
	Publisher = {SIAM},
	Title = {A parallel repetition theorem},
	Volume = {27},
	Year = {1998}}

@inproceedings{kempe2010no,
	Author = {Kempe, Julia and Regev, Oded},
	Booktitle = {Computational Complexity (CCC), 2010 IEEE 25th Annual Conference on},
	Organization = {IEEE},
	Pages = {7--15},
	Title = {No strong parallel repetition with entangled and non-signaling provers},
	Year = {2010}}

@article{buhrman2013parallel,
	Author = {Buhrman, Harry and Fehr, Serge and Schaffner, Christian},
	Journal = {arXiv preprint arXiv:1312.7455},
	Title = {On the Parallel Repetition of Multi-Player Games: The No-Signaling Case},
	Year = {2013}}

@article{Rosen10,
	Author = {Ricky Rosen},
	Journal = {Discrete Math., Alg. and Appl.},
	Number = {4},
	Pages = {457--468},
	Title = {A k-Provers Parallel Repetition Theorem for a Version of no-Signaling Model},
	Volume = {2},
	Year = {2010}
}

@inproceedings{jain2003lower,
	Author = {Jain, R and Radhakrishnan, J and Sen, P},
	Booktitle = {Proceedings of 44th Annual IEEE Symposium on Foundations of Computer Science (FOCS)},
	Organization = {IEEE},
	Pages = {220--229},
	Title = {A lower bound for the bounded round quantum communication complexity of set disjointness},
	Year = {2003}}

@inproceedings{kempe2011parallel,
	Author = {Kempe, Julia and Vidick, Thomas},
	Booktitle = {Proceedings of the forty-third annual ACM symposium on Theory of computing (STOC)},
	Pages = {353--362},
	Title = {Parallel repetition of entangled games},
	Year = {2011}}

@article{dinur2006assignment,
  title={Assignment testers: Towards a combinatorial proof of the PCP theorem},
  author={Dinur, Irit and Reingold, Omer},
  journal={SIAM Journal on Computing},
  volume={36},
  number={4},
  pages={975--1024},
  year={2006},
  publisher={SIAM}
}

@inproceedings{parnafes1997direct,
 author = {Parnafes, Itzhak and Raz, Ran and Wigderson, Avi},
 title = {Direct Product Results and the GCD Problem, in Old and New Communication Models},
 booktitle = {Proceedings of the Twenty-ninth Annual ACM Symposium on Theory of Computing},
 series = {STOC '97},
 year = {1997},
 pages = {363--372},
 publisher = {ACM},
 address = {New York, NY, USA},
} 


@incollection{barak2009strong,
	Author = {Barak, Boaz and Rao, Anup and Raz, Ran and Rosen, Ricky and Shaltiel, Ronen},
	Booktitle = {Approximation, Randomization, and Combinatorial Optimization. Algorithms and Techniques},
	Pages = {352--365},
	Publisher = {Springer},
	Title = {Strong parallel repetition theorem for free projection games},
	Year = {2009}}

@inproceedings{raz2012strong,
	Author = {Raz, Ran and Rosen, Ricky},
	Booktitle = {Computational Complexity (CCC), 2012 IEEE 27th Annual Conference on},
	Organization = {IEEE},
	Pages = {247--257},
	Title = {A strong parallel repetition theorem for projection games on expanders},
	Year = {2012}}

@inproceedings{dinur2014analytical,
	Author = {Dinur, Irit and Steurer, David},
	Booktitle = {Proceedings of the 46th Annual ACM Symposium on Theory of Computing},
	Organization = {ACM},
	Pages = {624--633},
	Title = {Analytical approach to parallel repetition},
	Year = {2014}}
	
@inproceedings{braverman2015focs,
  title={Near-optimal bounds on bounded-round quantum communication complexity of disjointness},
  author={Braverman, Mark and Garg, Ankit and Ko, Young Kun and Mao, Jieming and Touchette, Dave},
  Booktitle={ Proceedings of Foundations of Computer Science (FOCS)---to appear},
  year={2015}
}

@incollection{rosen2010k,
	Author = {Rosen, Ricky},
	Booktitle = {Computing and Combinatorics},
	Pages = {23--33},
	Publisher = {Springer},
	Title = {A K-provers parallel repetition theorem for a version of no-signaling model},
	Year = {2010}}

@inproceedings{DinurSV14,
	Author = {Irit Dinur and David Steurer and Thomas Vidick},
	Booktitle = {the 29th Conference on Computational Complexity, {CCC}},
	Pages = {197--208},
	Title = {A Parallel Repetition Theorem for Entangled Projection Games},
	Year = {2014}}

@inproceedings{chailloux2014parallel,
	Author = {Andr{\'{e}} Chailloux and Giannicola Scarpa},
	Booktitle = {41st International Colloquium on Automata, Languages, and Programming - ({ICALP})},
	Pages = {296--307},
	Title = {Parallel Repetition of Entangled Games with Exponential Decay via the Superposed Information Cost},
	Year = {2014}}

@book{nielsen2010quantum,
	Author = {Nielsen, Michael A and Chuang, Isaac L},
	Publisher = {Cambridge university press},
	Title = {Quantum computation and quantum information},
	Year = {2010}}

@book{wilde2013quantum,
	Author = {Wilde, Mark M},
	Publisher = {Cambridge University Press},
	Title = {Quantum information theory},
	Year = {2013}}

@article{Hol09,
	Author = {Thomas Holenstein},
	Journal = {Theory of Computing},
	Number = {1},
	Pages = {141-172},
	Title = {{P}arallel {R}epetition: {S}implification and the {N}o-{S}ignaling {C}ase},
	Volume = {5},
	Year = {2009},
	Bdsk-Url-1 = {http://dx.doi.org/10.4086/toc.2009.v005a008}}

@inproceedings{chung2015parallel,
	Author = {Chung, Kai-Min and Wu, Xiaodi and Yuen, Henry},
	Booktitle = {30th Conference on Computational Complexity},
	Pages = {512},
	Title = {Parallel Repetition for Entangled $k$-player Games via Fast Quantum Search},
	Year = {2015}}

@article{ver96,
	Author = {Verbitsky, Oleg},
	Journal = {Theoretical Computer Science},
	Number = {2},
	Pages = {277--282},
	Title = {Towards the parallel repetition conjecture},
	Volume = {157},
	Year = {1996}}
	
	
@article{hensen2015loophole,
    author = {Hensen, B. and Bernien, H. and Dr\'{e}au, A. E. and Reiserer, A. and Kalb, N. and Blok, M. S. and Ruitenberg, J. and Vermeulen, R. F. L. and Schouten, R. N. and Abell\'{a}n, C. and Amaya, W. and Pruneri, V. and Mitchell, M. W. and Markham, M. and Twitchen, D. J. and Elkouss, D. and Wehner, S. and Taminiau, T. H. and Hanson, R.},
    journal = {Nature},
    month = oct,
    number = {7575},
    pages = {682--686},
    posted-at = {2015-10-24 16:03:22},
    publisher = {Nature Publishing Group},
    title = {{Loophole-free Bell inequality violation using electron spins separated by 1.3 kilometres}},
    volume = {526},
    year = {2015}
}


@inproceedings{cleve2004consequences,
  title={Consequences and limits of nonlocal strategies},
  author={Cleve, Richard and H{\o}yer, Peter and Toner, Benjamin and Watrous, John},
  booktitle={Computational Complexity, 2004. Proceedings. 19th IEEE Annual Conference on},
  pages={236--249},
  year={2004},
  organization={IEEE}
}


@article{einstein1935can,
  title={Can quantum-mechanical description of physical reality be considered complete?},
  author={Einstein, Albert and Podolsky, Boris and Rosen, Nathan},
  journal={Physical review},
  volume={47},
  number={10},
  pages={777},
  year={1935},
  publisher={APS}
}

@article{vidal2003entanglement,
  title={Entanglement in quantum critical phenomena},
  author={Vidal, Guifre and Latorre, Jos{\'e} Ignacio and Rico, Enrique and Kitaev, Alexei},
  journal={Physical review letters},
  volume={90},
  number={22},
  pages={227902},
  year={2003},
  publisher={APS}
}

@article{almheiri2013black,
  title={Black holes: complementarity or firewalls?},
  author={Almheiri, Ahmed and Marolf, Donald and Polchinski, Joseph and Sully, James},
  journal={Journal of High Energy Physics},
  volume={2013},
  number={2},
  pages={1--20},
  year={2013},
  publisher={Springer}
}

@article{sarovar2010quantum,
  title={Quantum entanglement in photosynthetic light-harvesting complexes},
  author={Sarovar, Mohan and Ishizaki, Akihito and Fleming, Graham R and Whaley, K Birgitta},
  journal={Nature Physics},
  volume={6},
  number={6},
  pages={462--467},
  year={2010},
  publisher={Nature Publishing Group}
}

@inproceedings{bar2002information,
  title={An information statistics approach to data stream and communication complexity},
  author={Bar-Yossef, Ziv and Jayram, Thathachar S and Kumar, Ravindra and Sivakumar, D},
  booktitle={Proceedings of the Foundations of Computer Science},
  pages={209--218},
  year={2002},
  organization={IEEE}
}

%%%%%%%%%%%%%%%%%%%%%%%%%%%%%%%%%%%%%%%%%%%%%%%%%%%%%%%%%%%%%%%%%%%%%%%%%%%%%%%

@article{gross2014bounding,
  title={Bounding the seed length of Miller and Shi's unbounded randomness expansion protocol},
  author={Gross, Renan and Aaronson, Scott},
  journal={arXiv preprint arXiv:1410.8019},
  year={2014}
}

@inproceedings{mayers1998quantum,
  title={Quantum cryptography with imperfect apparatus},
  author={Mayers, Dominic and Yao, Andrew},
  booktitle={Proceedings of the 39th Annual Symposium on Foundations of Computer Science},
  pages={503--509},
  year={1998},
  organization={IEEE}
}

@inproceedings{miller2013optimal,
  title={Optimal Robust Self-Testing by Binary Nonlocal XOR Games},
  author={Miller, Carl A and Shi, Yaoyun},
  booktitle={8th Conference on the Theory of Quantum Computation, Communication and Cryptography},
  pages={254},
  year={2013}
}

@article{mckague2012robust,
  title={Robust self-testing of the singlet},
  author={McKague, Matthew and Yang, Tzyh Haur and Scarani, Valerio},
  journal={Journal of Physics A: Mathematical and Theoretical},
  volume={45},
  number={45},
  pages={455304},
  year={2012},
  publisher={IOP Publishing}
}

@article{reichardt2013classical,
  title={Classical command of quantum systems},
  author={Reichardt, Ben W and Unger, Falk and Vazirani, Umesh},
  journal={Nature},
  volume={496},
  number={7446},
  pages={456--460},
  year={2013},
  publisher={Nature Publishing Group}
}


@mastersthesis{yuen2013quantum,
  title={Quantum randomness expansion: Upper and lower bounds},
  author={Yuen, Henry},
  year={2013},
  school={Massachusetts Institute of Technology}
}

@article{chung2014physical,
  title={Physical randomness extractors},
  author={Chung, Kai-Min and Shi, Yaoyun and Wu, Xiaodi},
  journal={arXiv preprint arXiv:1402.4797},
  year={2014}
}

@article{barrett2005no,
  title={No signaling and quantum key distribution},
  author={Barrett, Jonathan and Hardy, Lucien and Kent, Adrian},
  journal={Physical review letters},
  volume={95},
  number={1},
  pages={010503},
  year={2005},
  publisher={APS}
}


@article{vazirani2014fully,
  title={Fully device-independent quantum key distribution},
  author={Vazirani, Umesh and Vidick, Thomas},
  journal={Physical review letters},
  volume={113},
  number={14},
  pages={140501},
  year={2014},
  publisher={APS}
}

@article{konig2008bounded,
  title={The bounded-storage model in the presence of a quantum adversary},
  author={Konig, RT and Terhal, Barbara M},
  journal={Information Theory, IEEE Transactions on},
  volume={54},
  number={2},
  pages={749--762},
  year={2008},
  publisher={IEEE}
}

@article{renner2008security,
  title={Security of quantum key distribution},
  author={Renner, Renato},
  journal={International Journal of Quantum Information},
  volume={6},
  number={01},
  pages={1--127},
  year={2008},
  publisher={World Scientific}
}


@article{de2012trevisan,
  title={Trevisan's extractor in the presence of quantum side information},
  author={De, Anindya and Portmann, Christopher and Vidick, Thomas and Renner, Renato},
  journal={SIAM Journal on Computing},
  volume={41},
  number={4},
  pages={915--940},
  year={2012},
  publisher={SIAM}
}



@article{ekert2014ultimate,
  title={The ultimate physical limits of privacy},
  author={Ekert, Artur and Renner, Renato and others},
  journal={Nature},
  volume={507},
  number={7493},
  pages={443--447},
  year={2014},
  publisher={Nature Publishing Group}
}

@article{vazirani2012certifiable,
  title={Certifiable quantum dice},
  author={Vazirani, Umesh and Vidick, Thomas},
  journal={Philosophical Transactions of the Royal Society A: Mathematical, Physical and Engineering Sciences},
  volume={370},
  number={1971},
  pages={3432--3448},
  year={2012},
  publisher={The Royal Society}
}

@article{pironio2010random,
archivePrefix = {arXiv},
arxivId = {arXiv:0911.3427v3},
author = {Pironio, S and Ac\'{\i}n, A and Massar, S},
journal = {Nature},
pages = {1--26},
title = {{Random numbers certified by Bell's theorem}},
year = {2010}
}

@inproceedings{miller2014robust,
  title={Robust protocols for securely expanding randomness and distributing keys using untrusted quantum devices},
  author={Miller, Carl A and Shi, Yaoyun},
  booktitle={Proceedings of the 46th Annual ACM Symposium on Theory of Computing},
  pages={417--426},
  year={2014},
  organization={ACM}
}


@article{um2013experimental,
  title={Experimental Certification of Random Numbers via Quantum Contextuality},
  author={Um, Mark and Zhang, Xiang and Zhang, Junhua and Wang, Ye and Yangchao, Shen and Deng, D-L and Duan, Lu-Ming and Kim, Kihwan},
  journal={Scientific reports},
  volume={3},
  year={2013},
  publisher={Nature Publishing Group}
}


@article{colbeck2009quantum,
  title={Quantum and relativistic protocols for secure multi-party computation},
  author={Colbeck, Roger},
  journal={arXiv preprint arXiv:0911.3814},
  year={2009}
}

@article{fehr2013security,
  title={Security and composability of randomness expansion from Bell inequalities},
  author={Fehr, Serge and Gelles, Ran and Schaffner, Christian},
  journal={Physical Review A},
  volume={87},
  number={1},
  pages={012335},
  year={2013},
  publisher={APS}
}

@inproceedings{CoudronVY13,
  author    = {Matthew Coudron and
               Thomas Vidick and
               Henry Yuen},
  title     = {Robust Randomness Amplifiers: Upper and Lower Bounds},
  booktitle = {APPROX-RANDOM},
  year      = {2013},
  pages     = {468-483},
  ee        = {http://dx.doi.org/10.1007/978-3-642-40328-6_33},
  crossref  = {DBLP:conf/approx/2013},
  bibsource = {DBLP, http://dblp.uni-trier.de}
}
@proceedings{DBLP:conf/approx/2013,
  editor    = {Prasad Raghavendra and
               Sofya Raskhodnikova and
               Klaus Jansen and
               Jose D. P. Rolim},
  title     = {Approximation, Randomization, and Combinatorial Optimization.
               Algorithms and Techniques - 16th International Workshop,
               APPROX 2013, and 17th International Workshop, RANDOM 2013,
               Berkeley, CA, USA, August 21-23, 2013. Proceedings},
  booktitle = {APPROX-RANDOM},
  publisher = {Springer},
  series    = {Lecture Notes in Computer Science},
  volume    = {8096},
  year      = {2013},
  isbn      = {978-3-642-40327-9},
  ee        = {http://dx.doi.org/10.1007/978-3-642-40328-6},
  bibsource = {DBLP, http://dblp.uni-trier.de}
}


@inproceedings{coudron2014infinite,
  title={Infinite randomness expansion with a constant number of devices},
  author={Coudron, Matthew and Yuen, Henry},
  booktitle={Proceedings of the 46th Annual ACM Symposium on Theory of Computing},
  pages={427--436},
  year={2014},
  organization={ACM}
}
@article{yuen2014quantum,
	author={Yuen, Henry},
	title={A quantum lower bound for distinguishing random functions from random permutations},
	journal={Quantum Information and Computation},
  volume={14},
  number={9-10},
  year={2014},
  publisher={Rinton Press, Incorporated}
}

@article{zhandry2013note,
  title={A note on the quantum collision problem for random functions},
  author={Zhandry, Mark},
  journal={arXiv preprint arXiv:1312.1027},
  year={2013}
}

@article{beals2001quantum,
 author = {Beals, Robert and Buhrman, Harry and Cleve, Richard and Mosca, Michele and de Wolf, Ronald},
 title = {Quantum Lower Bounds by Polynomials},
 journal = {J. ACM},
 issue_date = {July 2001},
 volume = {48},
 number = {4},
 month = jul,
 year = {2001},
 issn = {0004-5411},
 pages = {778--797},
 numpages = {20},
 url = {http://doi.acm.org/10.1145/502090.502097},
 doi = {10.1145/502090.502097},
 acmid = {502097},
 publisher = {ACM},
 address = {New York, NY, USA},
 keywords = {Quantum computing, black-box model, lower bounds, polynomial method, query complexity},
} 


@inproceedings{zhandry2012secure,
  author    = {Mark Zhandry},
  title     = {Secure Identity-Based Encryption in the Quantum Random Oracle
               Model},
  booktitle = {CRYPTO},
  year      = {2012},
  pages     = {758-775},
  ee        = {http://dx.doi.org/10.1007/978-3-642-32009-5_44},
  crossref  = {DBLP:conf/crypto/2012},
  bibsource = {DBLP, http://dblp.uni-trier.de}
}
@proceedings{DBLP:conf/crypto/2012,
  editor    = {Reihaneh Safavi-Naini and
               Ran Canetti},
  title     = {Advances in Cryptology - CRYPTO 2012 - 32nd Annual Cryptology
               Conference, Santa Barbara, CA, USA, August 19-23, 2012.
               Proceedings},
  booktitle = {CRYPTO},
  publisher = {Springer},
  series    = {Lecture Notes in Computer Science},
  volume    = {7417},
  year      = {2012},
  isbn      = {978-3-642-32008-8},
  ee        = {http://dx.doi.org/10.1007/978-3-642-32009-5},
  bibsource = {DBLP, http://dblp.uni-trier.de}
}

@inproceedings{hoyer2007negative,
 author = {Hoyer, Peter and Lee, Troy and Spalek, Robert},
 title = {Negative Weights Make Adversaries Stronger},
 booktitle = {Proceedings of the Thirty-ninth Annual ACM Symposium on Theory of Computing},
 series = {STOC '07},
 year = {2007},
 isbn = {978-1-59593-631-8},
 location = {San Diego, California, USA},
 pages = {526--535},
 numpages = {10},
 url = {http://doi.acm.org/10.1145/1250790.1250867},
 doi = {10.1145/1250790.1250867},
 acmid = {1250867},
 publisher = {ACM},
 address = {New York, NY, USA},
 keywords = {adversary method, certificate complexity barrier, formula size, lower bounds, quantum computing, quantum query complexity},
} 


@inproceedings{aaronson2009need,
  author    = {Scott Aaronson and
               Andris Ambainis},
  title     = {The Need for Structure in Quantum Speedups},
  booktitle = {ICS},
  year      = {2011},
  pages     = {338-352},
  ee        = {http://conference.itcs.tsinghua.edu.cn/ICS2011/content/papers/12.html},
  crossref  = {DBLP:conf/innovations/2011},
  bibsource = {DBLP, http://dblp.uni-trier.de}
}
@proceedings{DBLP:conf/innovations/2011,
  editor    = {Bernard Chazelle},
  title     = {Innovations in Computer Science - ICS 2010, Tsinghua University,
               Beijing, China, January 7-9, 2011. Proceedings},
  booktitle = {ICS},
  publisher = {Tsinghua University Press},
  year      = {2011},
  isbn      = {978-7-302-24517-9},
  bibsource = {DBLP, http://dblp.uni-trier.de}
}

@inproceedings{ambainis2000quantum,
  title={Quantum lower bounds by quantum arguments},
  author={Ambainis, Andris},
  booktitle={Proceedings of the thirty-second annual ACM symposium on Theory of computing},
  pages={636--643},
  year={2000},
  organization={ACM}
}

@article{boyer1996tight,
  title={Tight bounds on quantum searching},
  author={Boyer, Michel and Brassard, Gilles and H{\o}yer, Peter and Tapp, Alain},
  journal={Fortschritte Der Physik},
  year={1998},
  volume={46},
  pages={493--505}
}


@article{bennett1997strengths,
  title={Strengths and weaknesses of quantum computing},
  author={Bennett, Charles H and Bernstein, Ethan and Brassard, Gilles and Vazirani, Umesh},
  journal={SIAM Journal on Computing},
  volume={26},
  number={5},
  pages={1510--1523},
  year={1997},
  publisher={SIAM}
}


@article{grover1997quantum,
  title={Quantum mechanics helps in searching for a needle in a haystack},
  author={Grover, Lov K},
  journal={Physical review letters},
  volume={79},
  number={2},
  pages={325},
  year={1997},
  publisher={APS}
}

@article{naor1999construction,
  title={On the Construction of Pseudorandom Permutations: Luby-Rackoff Revisited},
  author={Naor, Moni and Reingold, Omer},
  journal={Journal of Cryptology},
  volume={12},
  number={1},
  pages={29--66},
  year={1999},
  publisher={Springer}
}

@article{luby1988construct,
  title={How to construct pseudorandom permutations from pseudorandom functions},
  author={Luby, Michael and Rackoff, Charles},
  journal={SIAM Journal on Computing},
  volume={17},
  number={2},
  pages={373--386},
  year={1988},
  publisher={SIAM}
}

@article{goldreich1986construct,
  title={How to construct random functions},
  author={Goldreich, Oded and Goldwasser, Shafi and Micali, Silvio},
  journal={Journal of the ACM (JACM)},
  volume={33},
  number={4},
  pages={792--807},
  year={1986},
  publisher={ACM}
}

@article{simon1997power,
  title={On the power of quantum computation},
  author={Simon, Daniel R},
  journal={SIAM Journal on Computing},
  volume={26},
  number={5},
  pages={1474--1483},
  year={1997},
  publisher={SIAM}
}

@article{brassard1997quantum,
  title={Quantum algorithm for the collision problem},
  author={Brassard, Gilles and Hoyer, Peter and Tapp, Alain},
  journal={ACM SIGACT News (Cryptology Column)},
  pages = {14--19},
  volume={28},
 note= {quant-ph/9705002},
  year={1997}
}

@misc{chang2008short,
    author = {Donghoon Chang and Mridul Nandi},
    title = {A Short Proof of the PRP/PRF Switching Lemma},
    howpublished = {Cryptology ePrint Archive, Report 2008/078},
    year = {2008},
    note = {\url{http://eprint.iacr.org/}},
}

@book{mitzenmacher2005probability,
  title={Probability and computing: Randomized algorithms and probabilistic analysis},
  author={Mitzenmacher, Michael and Upfal, Eli},
  year={2005},
  publisher={Cambridge University Press}
}

@article{aaronson2004quantum,
  title={Quantum lower bounds for the collision and the element distinctness problems},
  author={Aaronson, Scott and Shi, Yaoyun},
  journal={Journal of the ACM (JACM)},
  volume={51},
  number={4},
  pages={595--605},
  year={2004},
  publisher={ACM}
}

@article{ambainis2005polynomial,
  title={Polynomial Degree and Lower Bounds in Quantum Complexity: Collision and Element Distinctness with Small Range.},
  author={Ambainis, Andris},
  journal={Theory of Computing},
  volume={1},
  number={1},
  pages={37--46},
  year={2005}
}

@inproceedings{zhandry2012construct,
  title={How to construct quantum random functions},
  author={Zhandry, Mark},
  booktitle={Foundations of Computer Science (FOCS), 2012 IEEE 53rd Annual Symposium on},
  pages={679--687},
  year={2012},
  organization={IEEE}
}
	
@article{clauser1969proposed,
  title={Proposed experiment to test local hidden-variable theories},
  author={Clauser, John F and Horne, Michael A and Shimony, Abner and Holt, Richard A},
  journal={Physical review letters},
  volume={23},
  number={15},
  pages={880},
  year={1969},
  publisher={APS}
}




%%%%%%%%%%%%%%%%%%%%%%%%%%%%%%%%%%%%%%%%%%%%%%%%%%%%%%%%%

@article{powers1970free,
  title={Free states of the canonical anticommutation relations},
  author={Powers, Robert T and St{\o}rmer, Erling},
  journal={Communications in Mathematical Physics},
  volume={16},
  number={1},
  pages={1--33},
  year={1970},
  publisher={Springer}
}

@article{van2003universal,
  title={Universal entanglement transformations without communication},
  author={van Dam, Wim and Hayden, Patrick},
  journal={Physical Review A},
  volume={67},
  number={6},
  pages={060302},
  year={2003},
  publisher={APS}
}


@article{chailloux2014simplified,
  title={Parallel repetition of free entangled games: simplification and improvements},
  author={Chailloux, Andr{\'e} and Scarpa, Giannicola},
  journal={arXiv preprint arXiv:1410.4397},
  year={2014}
}

@article{bavarian2015anchoring,
  title={Anchoring games for parallel repetition},
  author={Bavarian, Mohammad and Vidick, Thomas and Yuen, Henry},
  journal={arXiv preprint arXiv:1509.07466},
  year={2015}
}

@article{bavarian2016parallel,
  title={Parallel repetition via fortification: analytic view and the quantum case},
  author={Bavarian, Mohammad and Vidick, Thomas and Yuen, Henry},
  journal={arXiv preprint arXiv:1603.05349},
  year={2016}
}

@inproceedings{yuen2016parallel,
  title={A parallel repetition theorem for all entangled games},
  author={Yuen, Henry},
	booktitle={Proceedings of the 43rd International Colloquium on Automata, Languages, and Programming},
  year={2016}
}

@article{arora1998proof,
  title={Proof verification and the hardness of approximation problems},
  author={Arora, Sanjeev and Lund, Carsten and Motwani, Rajeev and Sudan, Madhu and Szegedy, Mario},
  journal={Journal of the ACM (JACM)},
  volume={45},
  number={3},
  pages={501--555},
  year={1998},
  publisher={ACM}
}

@article{hastad2001some,
  title={Some optimal inapproximability results},
  author={H{\aa}stad, Johan},
  journal={Journal of the ACM (JACM)},
  volume={48},
  number={4},
  pages={798--859},
  year={2001},
  publisher={ACM}
}





%%%%%%%%%%%%%%%


@article{popescu1994quantum,
  title={Quantum nonlocality as an axiom},
  author={Popescu, Sandu and Rohrlich, Daniel},
  journal={Foundations of Physics},
  volume={24},
  number={3},
  pages={379--385},
  year={1994},
  publisher={Springer}
}

@article{hadiashar2015communication,
	title={Communication Complexity of One-Shot Remote State Preparation},
	author={Hadiashar, Shima Bab and Christandl, Matthias and Nayak, Ashwin and Renner, Renato},
	journal={Manuscript},
	year={2015}
}



@article{holevo1973bounds,
  title={Bounds for the quantity of information transmitted by a quantum communication channel},
  author={Holevo, Alexander Semenovich},
  journal={Problemy Peredachi Informatsii},
  volume={9},
  number={3},
  pages={3--11},
  year={1973},
  publisher={Russian Academy of Sciences, Branch of Informatics, Computer Equipment and Automatization}
}

@article{van2005implausible,
  title={Implausible consequences of superstrong nonlocality},
  author={Van Dam, Wim},
  journal={arXiv preprint quant-ph/0501159},
  year={2005}
}

@article{navascues2014almost,
  title={Almost quantum correlations},
  author={Navascu{\'e}s, Miguel and Guryanova, Yelena and Hoban, Matty J and Ac{\'\i}n, Antonio},
  journal={arXiv preprint arXiv:1403.4621},
  year={2014}
}




%%%%%%%%%%%%%%%%%%%%%%%%%%

@inproceedings{barnum2002authentication,
  title={Authentication of quantum messages},
  author={Barnum, Howard and Cr{\'e}peau, Claude and Gottesman, Daniel and Smith, Adam and Tapp, Alain},
  booktitle={The Proceedings of the 43rd Annual IEEE Foundations of Computer Science, 2002.},
  pages={449--458},
  year={2002},
  organization={IEEE}
}

@article{brandao2012quantum,
  title={Quantum One-Time Pad in the Presence of an Eavesdropper},
  author={Brand{\~a}o, Fernando GSL and Oppenheim, Jonathan},
  journal={Physical review letters},
  volume={108},
  number={4},
  pages={040504},
  year={2012},
  publisher={APS}
}

@inproceedings{ambainis2000private,
  title={Private quantum channels},
  author={Ambainis, A and Mosca, M and Tapp, A and de Wolf, R},
  booktitle={Proceedings of the 41st Annual Symposium on Foundations of Computer Science},
  pages={547},
  year={2000},
  organization={IEEE Computer Society}
}

@article{brandao2012local,
  title={Local random quantum circuits are approximate polynomial-designs},
  author={Brandao, Fernando GSL and Harrow, Aram W and Horodecki, Michal},
  journal={arXiv preprint arXiv:1208.0692},
  year={2012}
}

@article{hayden2011universal,
  title={The Universal Composable Security of Quantum Message Authentication with Key Recycling},
  author={Hayden, Patrick M. and Leung, Debbie W. and Mayers, Dominic},
  journal={In preparation},
  year={2011}
}


@inproceedings{ambainis2007quantum,
  title={Quantum t-designs: t-wise independence in the quantum world},
  author={Ambainis, Andris and Emerson, Joseph},
  booktitle={Computational Complexity, 2007. CCC'07. Twenty-Second Annual IEEE Conference on},
  pages={129--140},
  year={2007},
  organization={IEEE}
}


@inproceedings{low2009large,
  title={Large deviation bounds for k-designs},
  author={Low, Richard A},
  booktitle={Proceedings of the Royal Society of London A: Mathematical, Physical and Engineering Sciences},
  volume={465},
  number={2111},
  pages={3289--3308},
  year={2009},
  organization={The Royal Society}
}

@incollection{boneh2013quantum,
  title={Quantum-secure message authentication codes},
  author={Boneh, Dan and Zhandry, Mark},
  booktitle={Advances in Cryptology--EUROCRYPT 2013},
  pages={592--608},
  year={2013},
  publisher={Springer}
}


@incollection{boneh2013secure,
  title={Secure signatures and chosen ciphertext security in a quantum computing world},
  author={Boneh, Dan and Zhandry, Mark},
  booktitle={Advances in Cryptology--CRYPTO 2013},
  pages={361--379},
  year={2013},
  publisher={Springer}
}

@incollection{damgaard2013superposition,
  title={Superposition attacks on cryptographic protocols},
  author={Damg{\aa}rd, Ivan and Funder, Jakob and Nielsen, Jesper Buus and Salvail, Louis},
  booktitle={Information Theoretic Security},
  pages={142--161},
  year={2013},
  publisher={Springer}
}

@article{kaplan2016breaking,
  title={Breaking Symmetric Cryptosystems using Quantum Period Finding},
  author={Kaplan, Marc and Leurent, Ga{\"e}tan and Leverrier, Anthony and Naya-Plasencia, Mar{\'\i}a},
  journal={arXiv preprint arXiv:1602.05973},
  year={2016}
}

@article{wegman1981new,
  title={New hash functions and their use in authentication and set equality},
  author={Wegman, Mark N and Carter, J Lawrence},
  journal={Journal of computer and system sciences},
  volume={22},
  number={3},
  pages={265--279},
  year={1981},
  publisher={Elsevier}
}

@book{bernstein2009post,
  title={Post-quantum cryptography},
  author={Bernstein, Daniel J and Buchmann, Johannes and Dahmen, Erik},
  year={2009},
  publisher={Springer Science \& Business Media}
}


@article{dankert2009exact,
  title={Exact and approximate unitary 2-designs and their application to fidelity estimation},
  author={Dankert, Christoph and Cleve, Richard and Emerson, Joseph and Livine, Etera},
  journal={Physical Review A},
  volume={80},
  number={1},
  pages={012304},
  year={2009},
  publisher={APS}
}

@book{milman2009asymptotic,
  title={Asymptotic Theory of Finite Dimensional Normed Spaces: Isoperimetric Inequalities in Riemannian Manifolds},
  author={Milman, Vitali D and Schechtman, Gideon},
  volume={1200},
  year={2009},
  publisher={Springer}
}

@article{ambainis2009nonmalleable,
  title={Nonmalleable encryption of quantum information},
  author={Ambainis, Andris and Bouda, Jan and Winter, Andreas},
  journal={Journal of Mathematical Physics},
  volume={50},
  number={4},
  pages={042106},
  year={2009},
  publisher={AIP Publishing}
}

@article{beenakker1997random,
  title={Random-matrix theory of quantum transport},
  author={Beenakker, Carlo WJ},
  journal={Reviews of modern physics},
  volume={69},
  number={3},
  pages={731},
  year={1997},
  publisher={APS}
}


@inproceedings{Boneh2011qrom,
	archivePrefix = {arXiv},
	arxivId = {arXiv:1008.0931v2},
	author = {Boneh, Dan and Dagdelen, \"{O}zg\"{u}r and Fischlin, Marc and Lehmann, Anja and Schaffner, Christian and Zhandry, Mark},
	booktitle = {Proceedings of ASIACRYPT},
	eprint = {arXiv:1008.0931v2},
	title = {{Random Oracles in a Quantum World}},
	url = {http://arxiv.org/abs/1008.0931},
	year = {2011}
}

@inproceedings{zhandry2012qprfs,
	author = {Zhandry, Mark},
	booktitle = {Proceedings of the 53rd IEEE Symposium on Foundations of Computer Science (FOCS)},
	keywords = {pseudorandom function,quantum},
	title = {{How to Construct Quantum Random Functions}},
	url = {http://crypto.stanford.edu/~zhandry/docs/quantum-prf.pdf},
	year = {2012}
}

@inproceedings{damgard05quantum,
	author = {Damg{\aa}rd, Ivan and Pedersen, Thomas Brochmann and Salvail, Louis},
	title = {A Quantum Cipher with Near Optimal Key-recycling},
	booktitle = {Proceedings of the 25th Annual International Conference on Advances in Cryptology},
	series = {CRYPTO'05},
	year = {2005},
	isbn = {3-540-28114-2, 978-3-540-28114-6},
	location = {Santa Barbara, California},
	pages = {494--510},
	numpages = {17},

	publisher = {Springer-Verlag},
	address = {Berlin, Heidelberg},
	keywords = {key-recycling, private-key encryption, quantum cryptography, unconditional security},
} 



@phdthesis{kremer1995quantum,
  title={Quantum communication},
  author={Kremer, Ilan},
  year={1995},
  school={Citeseer}
}


@inproceedings{yao1993quantum,
  title={Quantum circuit complexity},
  author={Yao, Andrew Chi-Chih},
  booktitle={Proceedings of the 34th Annual Foundations of Computer Science},
  pages={352--361},
  year={1993},
  organization={IEEE}
}


@article{brassard2006limit,
  title={Limit on nonlocality in any world in which communication complexity is not trivial},
  author={Brassard, Gilles and Buhrman, Harry and Linden, Noah and M{\'e}thot, Andr{\'e} Allan and Tapp, Alain and Unger, Falk},
  journal={Physical Review Letters},
  volume={96},
  number={25},
  pages={250401},
  year={2006},
  publisher={APS}
}





